% Encoding: UTF-8

@Misc{fucuchima,
  author        = {Letícia Fucuchima},
  title         = {Temor de apagão puxa vendas de geradores},
  year          = {2021},
  organization  = {Valor Econômico},
  url           = {https://valor.globo.com/empresas/noticia/2021/06/18/temor-de-apagao-puxa-vendas-de-geradores.ghtml},
  address = {São Paulo},
  urlaccessdate = {01 dez. 2021},
}

@article{bilck,
  title={Aproveitamento de subprodutos: Restaurantes de Londrina},
  author={BILCK, A. P. and SILVA, D.L.D. and COSTA, G.A.N. and BENASSI, V.T. and GARCIA, S.},
  journal={Revista em Agronegócios e Meio Ambiente},
  volume={2},
  number={1},
  pages={87--104},
  year={2009}
}

@Misc{biodieselbr,
  author        = {BIODIESEL{ }BR},
  title         = {Matéria-Prima para Biodiesel},
  year          = {2014},
  organization  = {Biodiesel BR},
  url           = {https://www.biodieselbr.com/plantas/oleaginosas/index},
  urlaccessdate = {01 dez. 2021},
}

@Misc{ministeriodeminas,
  author        = {BRASIL. Ministério de Minas e Energia},
  title         = {MSISTEMAS ISOLADOS. PLANEJAMENTO DO ATENDIMENTO AOS SISTEMAS ISOLADOS HORIZONTE 2023 – CICLO 2018},
  year          = {2019},
  organization  = {Ministério de Minas e Energia},
  url           = {https://www.epe.gov.br/sites-pt/publicacoes-dados-abertos/publicacoes/PublicacoesArquivos/publicacao-346/EPE-NT-Planejamento\%20SI-ciclo_2018_rev1.pdf},
  urlaccessdate = {01 dez. 2021},
}

@article{bumba,
  title={PRODUÇÃO DE BIODIESEL A PARTIR DO ÓLEO DE FRITURA: UMA ALTERNATIVA SUSTENTÁVEL},
  author={BUMBA, M. A. C. and OI, R. K. and YAMAMURA, H.},
  journal={Blucher Chemical Engineering Proceedings},
  volume={1},
  number={2},
  address={São Paulo},
  pages={8516--8523},
  year={2015},
  publisher={Blucher}
}

@monography{costa,
  author    = {COSTA, Alafim Santos},
  type      = {Graduação em Engenharia Elétrica},
  title     = {GERAÇÃO NA PONTA: SOLUÇÃO ENERGÉTICA PARA O  HORÁRIO DE PICO},
  year      = {2011},
  school    = {Universidade Federal de Campina Grande},
  address   = {Campina Grande},
}

% DIAS, L. A. S. et al. Cultivo do pinhão manso (Jatropha curcas L.) para produção de biodiesel. 1.ed. Viçosa: UFV, 2007

@manual{felizardo,
  author        = {FELIZARDO,  P.  M.  G},
  title         = {Produção  de  Biodiesel  a  Partir  de  Óleos  Usados de Fritura},
  year          = {2003},
  organization   = {Centro de Informação de Resíduos, Instituto
Superior Técnico de Lisboa},
  address       = {Lisboa},
}

@Misc{janone,
  author        = {JANONE, Lucas and BARRETO, Luis},
  title         = {Em três anos, aumento no preço do diesel nos postos supera avanço da inflação},
  year          = {2021},
  month         = {nov.},
  organization  = {CNN Brasil},
  url           = {https://www.cnnbrasil.com.br/business/em-tres-anos-aumento-no-preco-do-diesel-nos-postos-supera-avanco-da-inflacao},
  urlaccessdate = {01 dez. 2021},
}

@mastersthesis{kurek,
  author    = {KUREK, Rodolfo},
  type      = {Mestrado em Tecnologia Ambiental},
  title     = {DIAGNÓSTICO DO USO DE GRUPOS GERADORES ESTACIONÁRIOS A ÓLEO DIESEL NA REGIÃO CENTRAL DE RIBEIRÃO PRETO – SP},
  year      = {2018},
  school    = {Universidade de Ribeirão Preto},
  address   = {Ribeirão Preto},
}

@article{reis,
  title={Desempenho e emissões de um motor-gerador ciclo diesel sob diferentes concentrações de biodiesel de soja},
  author={Elton F. dos Reis and João P. B. Cunha and Diego L. S. Mateus and Josué G. Delmond and Ródney F. Couto},
  journal={Revista Brasileira de Engenharia Agrícola e Ambiental},
  volume={17},
  number={5},
  address={Campina Grande, PB},
  pages={565--571},
  year={2013},
  publisher={UAEA/UFCG}
}

@inproceedings{udaeta,
  author    = {Miguel Edgar Morales Udaeta and Ricardo Lacerda Baitelo and Geraldo Francisco Burani and José Aquiles Baesso Grimoni},
  title     = {Comparação da produção de energia com diesel e biodiesel analisando todos os custos envolvidos},
  booktitle = {ENCONTRO DE ENERGIA NO MEIO RURAL},
  series    = {5},
  year      = {2004},
  address   = {Campinas, SP},
}

@Misc{embrapa,
  author        = {EMBRAPA},
  title         = {Biodiesel reduz em 70\% a emissão de Gases do Efeito Estufa},
  year          = {2015},
  day           = {14},
  month         = {abr.},
  organization  = {EMBRAPA},
  url           = {https://www.embrapa.br/busca-de-noticias/-/noticia/2723697/biodiesel-reduz-em-70-a-emissao-de-gases-do-efeito-estufa},
  urlaccessdate = {01 dez. 2021},
}

@Misc{procel,
  author        = {PROCEL},
  title         = {Energia elétrica: conceito, qualidade e tarifação: guia básico},
  year          = {2008},
  organization  = {ELETROBRÁS},
  address = {Brasília},
  publisher = {CNI, IEL, Eletrobrás},
}

@Comment{jabref-meta: databaseType:biblatex;}
